<record><leader>00000cas a22000007a 4500</leader><controlfield tag="001">27764152</controlfield><controlfield tag="008">930319u1936uuuunyuwr ne      0    0por d</controlfield><datafield ind1=" " ind2=" " tag="010"><subfield code="a">sn 93059235 </subfield></datafield><datafield ind1=" " ind2=" " tag="040"><subfield code="a">MGN</subfield><subfield code="b">eng</subfield><subfield code="c">MGN</subfield><subfield code="d">OCLCQ</subfield><subfield code="d">OCLCF</subfield><subfield code="d">OCLCO</subfield></datafield><datafield ind1="0" ind2=" " tag="041"><subfield code="a">poreng</subfield></datafield><datafield ind1=" " ind2=" " tag="042"><subfield code="a">msc</subfield></datafield><datafield ind1=" " ind2=" " tag="043"><subfield code="a">n-us---</subfield></datafield><datafield ind1="0" ind2=" " tag="130"><subfield code="a">Luta (New York, N.Y.)</subfield></datafield><datafield ind1="1" ind2="2" tag="245"><subfield code="a">A luta.</subfield></datafield><datafield ind1=" " ind2=" " tag="260"><subfield code="a">New York, N.Y. :</subfield><subfield code="b">Joseph Cacella</subfield></datafield><datafield ind1=" " ind2=" " tag="300"><subfield code="a">v.</subfield></datafield><datafield ind1=" " ind2=" " tag="310"><subfield code="a">Weekly</subfield></datafield><datafield ind1="1" ind2=" " tag="362"><subfield code="a">Began in Dec. 1936?</subfield></datafield><datafield ind1=" " ind2=" " tag="546"><subfield code="a">In Portuguese and English.</subfield></datafield><datafield ind1=" " ind2=" " tag="588"><subfield code="a">Description based on: Ano 4, no. 13 (Mar. 6, 1940).</subfield></datafield><datafield ind1=" " ind2="0" tag="650"><subfield code="a">Portuguese</subfield><subfield code="z">United States</subfield><subfield code="v">Newspapers.</subfield></datafield><datafield ind1=" " ind2="0" tag="650"><subfield code="a">Portuguese Americans</subfield><subfield code="v">Newspapers.</subfield></datafield><datafield ind1=" " ind2="7" tag="655"><subfield code="a">Newspapers.</subfield><subfield code="2">fast</subfield><subfield code="0">(OCoLC)fst01423814</subfield></datafield><datafield ind1=" " ind2="7" tag="650"><subfield code="a">Portuguese.</subfield><subfield code="2">fast</subfield><subfield code="0">(OCoLC)fst01072400</subfield></datafield><datafield ind1=" " ind2="7" tag="650"><subfield code="a">Portuguese Americans.</subfield><subfield code="2">fast</subfield><subfield code="0">(OCoLC)fst01072420</subfield></datafield><datafield ind1=" " ind2="7" tag="651"><subfield code="a">United States.</subfield><subfield code="2">fast</subfield><subfield code="0">(OCoLC)fst01204155</subfield></datafield><datafield ind1=" " ind2=" " tag="752"><subfield code="a">United States</subfield><subfield code="b">New York</subfield><subfield code="c">New York</subfield><subfield code="d">New York.</subfield></datafield></record>